<record><leader>00000cas a22000007a 4500</leader><controlfield tag="001">10149832</controlfield><controlfield tag="008">831121d19uu200uilucr ne      0   a0eng d</controlfield><datafield ind1=" " ind2=" " tag="010"><subfield code="a">sn 83003569 </subfield></datafield><datafield ind1=" " ind2=" " tag="040"><subfield code="a">NSD</subfield><subfield code="b">eng</subfield><subfield code="c">NSD</subfield><subfield code="d">NSD</subfield><subfield code="d">OCLCQ</subfield></datafield><datafield ind1=" " ind2=" " tag="012"><subfield code="m">d</subfield></datafield><datafield ind1="1" ind2=" " tag="022"><subfield code="a">0746-5742</subfield><subfield code="l">0746-5742</subfield><subfield code="2">1</subfield></datafield><datafield ind1=" " ind2=" " tag="037"><subfield code="b">Williams Press, Inc., 20 South Route 45, Frankfort, IL 60423</subfield></datafield><datafield ind1=" " ind2=" " tag="042"><subfield code="a">nsdp</subfield></datafield><datafield ind1="0" ind2=" " tag="130"><subfield code="a">Star (Frankfort, Ill.)</subfield></datafield><datafield ind1=" " ind2="4" tag="222"><subfield code="a">The Star</subfield><subfield code="b">(Frankfort, Ill.)</subfield></datafield><datafield ind1="1" ind2="4" tag="245"><subfield code="a">The Star.</subfield></datafield><datafield ind1=" " ind2=" " tag="260"><subfield code="a">Frankfort, Ill. :</subfield><subfield code="b">Williams Press</subfield></datafield><datafield ind1=" " ind2=" " tag="310"><subfield code="a">Semiweekly</subfield></datafield><datafield ind1=" " ind2=" " tag="588"><subfield code="a">Description based on: Vol. 7, no. 13 (Sunday, Oct. 16, 1983).</subfield></datafield><datafield ind1=" " ind2=" " tag="752"><subfield code="a">United States</subfield><subfield code="b">Illinois</subfield><subfield code="c">Franklin</subfield><subfield code="d">Frankfort.</subfield></datafield><datafield ind1="0" ind2="0" tag="780"><subfield code="t">Frankfort-Mokena star</subfield></datafield><datafield ind1="0" ind2="4" tag="785"><subfield code="t">Southtown star</subfield><subfield code="x">1941-3483</subfield><subfield code="w">(DLC)  2008215567</subfield><subfield code="w">(OCoLC)190864351</subfield></datafield><datafield ind1=" " ind2=" " tag="936"><subfield code="a">Oct. 16, 1983</subfield></datafield></record>